



@book{Shafarevich,
author = {Igor R. Shafarevich, M. Reid},
title = {Basic Algebraic Geometry 1: Varieties in Projective Space},
year = {1994},
isbn = {3540548122,9783540548126},
publisher = {Springer},
address = {}
}




@book{BasuPollackRoy2006,
author = {Basu, Saugata and Pollack, Richard and Roy, Marie-Fran\c{c}oise},
title = {Algorithms in Real Algebraic Geometry (Algorithms and Computation in Mathematics)},
year = {2006},
isbn = {3540330984},
publisher = {Springer-Verlag},
address = {Berlin, Heidelberg}
}


@inbook{CurveSelectionLemma,
url = {https://doi.org/10.1515/9781400881819-004},
title = {ยง3. THE CURVE SELECTION LEMMA},
booktitle = {Singular Points of Complex Hypersurfaces. (AM-61), Volume 61},
author = {John Milnor},
publisher = {Princeton University Press},
address = {Princeton},
pages = {25--32},
doi = {doi:10.1515/9781400881819-004},
isbn = {9781400881819},
year = {2016},
lastchecked = {2022-10-25}
}



@article{Shiota1992,
author = {Shiota and Masahiro and Coste and Michel},
journal = {Inventiones mathematicae},
keywords = {finite partition into Nash submanifolds; degree of a Nash submanifold; effectiveness},
number = {2},
pages = {349-368},
title = {Nash triviality in families of Nash manifolds.},
url = {http://eudml.org/doc/143998},
volume = {108},
year = {1992},
}
